% This file was created with Citavi 6.11.0.0

@book{Barg.2018,
 year = {2018},
 title = {Werkstoffkunde},
 url = {http://www.springer.com/de/book/9783662486283},
 price = {Festeinband : EUR 49.99 (DE)},
 address = {Berlin},
 edition = {12., bearbeitete Auflage, korrigierter Nachdruck},
 publisher = {{Springer Vieweg}},
 isbn = {978-3-662-48628-3},
 series = {Springer-Lehrbuch},
 editor = {Bargel, Hans-J{\"u}rgen and Schulze, G{\"u}nter},
 doi = {10.1007/978-3-662-48629-0},
 file = {WK{\_}Buch{\_}Werkstoffkunde{\_}Bargel-Schulze:Attachments/WK{\_}Buch{\_}Werkstoffkunde{\_}Bargel-Schulze.pdf:application/pdf}
}


@book{Bend.2020,
 year = {2020},
 title = {Dubbel Taschenbuch f{\"u}r den Maschinenbau 2: Anwendungen},
 address = {Berlin, Heidelberg},
 publisher = {{Springer Berlin Heidelberg}},
 isbn = {978-3-662-59712-5},
 editor = {Bender, Beate and G{\"o}hlich, Dietmar},
 doi = {10.1007/978-3-662-59713-2},
 file = {chp{\_}10.1007{\_}978-3-662-59713-2{\_}8:Attachments/chp{\_}10.1007{\_}978-3-662-59713-2{\_}8.pdf:application/pdf}
}